@inproceedings{diversification,
 author = {van Leuken, Reinier H. and Garcia, Lluis and Olivares, Ximena and van Zwol, Roelof},
 title = {Visual diversification of image search results},
 booktitle = {WWW '09: Proceedings of the 18th international conference on World wide web},
 year = {2009},
 isbn = {978-1-60558-487-4},
 pages = {341--350},
 location = {Madrid, Spain},
 doi = {http://doi.acm.org/10.1145/1526709.1526756},
 publisher = {ACM},
 address = {New York, NY, USA},
}
@inproceedings{ranking,
 author = {Liu, Dong and Hua, Xian-Sheng and Yang, Linjun and Wang, Meng and Zhang, Hong-Jiang},
 title = {Tag ranking},
 booktitle = {WWW '09: Proceedings of the 18th international conference on World wide web},
 year = {2009},
 isbn = {978-1-60558-487-4},
 pages = {351--360},
 location = {Madrid, Spain},
 doi = {http://doi.acm.org/10.1145/1526709.1526757},
 publisher = {ACM},
 address = {New York, NY, USA},
}
@inproceedings{learningToTag,
 author = {Wu, Lei and Yang, Linjun and Yu, Nenghai and Hua, Xian-Sheng},
 title = {Learning to tag},
 booktitle = {WWW '09: Proceedings of the 18th international conference on World wide web},
 year = {2009},
 isbn = {978-1-60558-487-4},
 pages = {361--370},
 location = {Madrid, Spain},
 doi = {http://doi.acm.org/10.1145/1526709.1526758},
 publisher = {ACM},
 address = {New York, NY, USA},
}
@inproceedings{learningtagrelevance,
 author = {Li, Xirong and Snoek, Cees G.M. and Worring, Marcel},
 title = {Learning tag relevance by neighbor voting for social image retrieval},
 booktitle = {MIR '08: Proceeding of the 1st ACM international conference on Multimedia information retrieval},
 year = {2008},
 isbn = {978-1-60558-312-9},
 pages = {180--187},
 location = {Vancouver, British Columbia, Canada},
 doi = {http://doi.acm.org/10.1145/1460096.1460126},
 publisher = {ACM},
 address = {New York, NY, USA},
}
@inproceedings{improvingRecommendations,
 author = {Ziegler, Cai-Nicolas and McNee, Sean M. and Konstan, Joseph A. and Lausen, Georg},
 title = {Improving recommendation lists through topic diversification},
 booktitle = {WWW '05: Proceedings of the 14th international conference on World Wide Web},
 year = {2005},
 isbn = {1-59593-046-9},
 pages = {22--32},
 location = {Chiba, Japan},
 doi = {http://doi.acm.org/10.1145/1060745.1060754},
 publisher = {ACM},
 address = {New York, NY, USA},
}
@inproceedings{whyWeTag,
 author = {Ames, Morgan and Naaman, Mor},
 title = {Why we tag: motivations for annotation in mobile and online media},
 booktitle = {CHI '07: Proceedings of the SIGCHI conference on Human factors in computing systems},
 year = {2007},
 isbn = {978-1-59593-593-9},
 pages = {971--980},
 location = {San Jose, California, USA},
 doi = {http://doi.acm.org/10.1145/1240624.1240772},
 publisher = {ACM},
 address = {New York, NY, USA},
}
@inproceedings{collectiveKnowledge,
 author = {Sigurbj\"{o}rnsson, B\"{o}rkur and van Zwol, Roelof},
 title = {Flickr tag recommendation based on collective knowledge},
 booktitle = {WWW '08: Proceeding of the 17th international conference on World Wide Web},
 year = {2008},
 isbn = {978-1-60558-085-2},
 pages = {327--336},
 location = {Beijing, China},
 doi = {http://doi.acm.org/10.1145/1367497.1367542},
 publisher = {ACM},
 address = {New York, NY, USA},
 }
@inproceedings{combiningMultipleEvidence,
 author = {Jin, Yohan and Khan, Latifur and Wang, Lei and Awad, Mamoun},
 title = {Image annotations by combining multiple evidence \& wordNet},
 booktitle = {MULTIMEDIA '05: Proceedings of the 13th annual ACM international conference on Multimedia},
 year = {2005},
 isbn = {1-59593-044-2},
 pages = {706--715},
 location = {Hilton, Singapore},
 doi = {http://doi.acm.org/10.1145/1101149.1101305},
 publisher = {ACM},
 address = {New York, NY, USA},
}
@inproceedings{ontology_expensive1,
 author = {Thomas R. Gruber},
 title = {A Translation Approach to Portable Ontology Specifications},
 booktitle = {Knowledge Systems Laboratory Technical Report KSL 92-71},
 year = {1993},
 address = {Stanford, California 94305},
}
@inproceedings{ontology_expensive2,
 author = {L. Stojanovic, B. Motik},
 title = {Ontology Evolution within Ontology Editors},
 booktitle = {FZI - Research Center for Information Technology at the University of Karlsruhe},
 year = {2002},
 address = {76131 Karlsruhe, Germany},
}
@article{googlePageRank,
  author={L. Page, S. Brin, R. Motwani, and T. Winograd},
	title={The PageRank citation ranking: Bringing order to the web},
	year={1998},
	journal = {Stanford Digital Libraries Working Paper}
}

# @url{flickr,
# author = {Flickr},
# title = {http://www.flickr.com}
# }